@Book{xie2015,
  title = {Dynamic Documents with {R} and knitr},
  author = {Yihui Xie},
  publisher = {Chapman and Hall/CRC},
  address = {Boca Raton, Florida},
  year = {2015},
  edition = {2nd},
  note = {ISBN 978-1498716963},
  url = {http://yihui.name/knitr/}
}

@Book{adv-r,
  title = {Advanced {R}},
  author = {Hadley Wickham},
  publisher = {Chapman and Hall/CRC},
  address = {Boca Raton, Florida},
  year = {2019},
  edition = {2nd},
  note = {ISBN 978-0815384571},
  url = {https://adv-r.hadley.nz/}
}


@Book{Packages,
  title = {Advanced {R}},
  author = {Hadley Wickham and Jennifer Bryan},
  publisher = {O'Reilly Media},
  address = {Sebastopol, CA},
  note = {ISBN 978-1491910597},
  year = {2019},
  edition = {2nd},
  url = {https://r-pkgs.org/}
}

@Book{AER,
  title = {Applied Econometrics with {R}},
  author = {Christian Kleiber and Achim Zeileis},
  year = {2008},
  publisher = {Springer-Verlag},
  address = {New York},
  note = {{ISBN} 978-0-387-77316-2},
  url = {https://CRAN.R-project.org/package=AER}
}

@article{Anscombe,
title = {Graphs in statistical analysis},
author = {Francis J. Anscombe},
journal = {The American Statistician},
year = {1973},
volume = {27},
pages = {17-21},
note = {{DOI} 10.2307/2682899},
url = {https://doi.org/10.2307/2682899}
}

@article{AnscombeNew1,
title = {Generating Data with Identical Statistics but Dissimilar Graphics},
author = {Sangit Chatterjee and Aykut Firat},
pages = {248-254},
year = {2007},
volume = {61},
number = {3},
journal = {The American Statistician},
note = {{DOI} 10.1198/000313007X220057},
url = {https://doi.org/10.1198/000313007X220057}
}


@inproceedings{AnscombeNew2,
 author = {Justin Matejka and George Fitzmaurice},
 title = {Same Stats, Different Graphs: Generating Datasets with Varied Appearance and Identical Statistics Through Simulated Annealing},
 booktitle = {Proceedings of the 2017 CHI Conference on Human Factors in Computing Systems},
 year = {2017},
 pages = {1290-1294},
 url = {http://doi.acm.org/10.1145/3025453.3025912},
 note = {{DOI} 10.1145/3025453.3025912},
 doi = {10.1145/3025453.3025912},
 publisher = {ACM},
 address = {New York, NY}
}

@Article{tidy,
  author = {Hadley Wickham},
  issue = {10},
  journal = {The Journal of Statistical Software},
  title = {Tidy data},
  url = {http://doi.acm.org/10.18637/jss.v059.i10},
  note = {{DOI} 10.18637/jss.v059.i10},
  doi = {10.18637/jss.v059.i10},
  volume = {59},
  year = {2014}
  }

@article{Herndon,
  author = {Thomas Herndon and Michael Ash and Robert Pollin},
  title = "{Does high public debt consistently stifle economic growth? A critique of Reinhart and Rogoff}",
  journal = {Cambridge Journal of Economics},
  volume = {38},
  number = {2},
  pages = {257-279},
  year = {2013},
  doi = {10.1093/cje/bet075},
  note = {{DOI} 10.1093/cje/bet075},
  url = {https://doi.org/10.1093/cje/bet075}
}

@article{schwabischVis,
  Author = {Schwabish, Jonathan A.},
  Title = {An Economist's Guide to Visualizing Data},
  Journal = {Journal of Economic Perspectives},
  Volume = {28},
  Number = {1},
  Year = {2014},
  Pages = {209-234},
  DOI = {10.1257/jep.28.1.209},
  note = {{DOI} 10.1257/jep.28.1.209},
  URL = {http://www.aeaweb.org/articles?id=10.1257/jep.28.1.209}
}

@Article{wickhamggplot,
  author = {Hadley Wickham},
  doi = {10.1198/jcgs.2009.07098},
  journal = {Journal of Computational and Graphical Statistics},
  number = {1},
  pages = {3–28},
  title = {A layered grammar of graphics},
  volume = {19},
  year = {2010},
  note = {{DOI} 10.1198/jcgs.2009.07098},
  URL = {http://dx.doi.org/10.1198/jcgs.2009.07098},
}

@Book{GrammarGraphics,
  title = {The Grammar of Graphics},
  author = {Leland Wilkinson},
  year = {1999},
  publisher = {Springer},
  address = {New York},
  note = {{ISBN} 978-1-4757-3100-2, {DOI} 10.1007/978-1-4757-3100-2},
  url = {https://www.springer.com/de/book/9781475731002}
}

@article{CJE,
  author = {Gr{\"a}bner, Claudius and Heimberger, Philipp and Kapeller, Jakob and Sch{\"u}tz, Bernhard},
  title = {{Is Europe disintegrating? Macroeconomic divergence, structural polarization, trade and fragility}},
  journal = {Cambridge Journal of Economics},
  year = {2019},
  doi = {10.1093/cje/bez059},
  note = {{DOI} 10.1093/cje/bez059},
  URL = {http://dx.doi.org/10.1093/cje/bez059},
}

@book{fes,
  author = {Kapeller, Jakob and Gr{\"a}bner, Claudius and Heimberger, Philipp},
  title = {{Wirtschaftliche Polarisierung in Europa: Ursachen und Handlungsoptionen}},
  publisher = {Friedrich-Ebert Stiftung},
  year = {2019},
  address = {Bonn},
  note = {{ISBN}  978-3-96250-376-5},
  url = {https://www.fes.de/wirtschaftliche-polarisierung-in-europa}
}

@article{hanson,
Author = {Hanson, Gordon H.},
Title = {The Rise of Middle Kingdoms: Emerging Economies in Global Trade},
Journal = {Journal of Economic Perspectives},
Volume = {26},
Number = {2},
Year = {2012},
Month = {May},
Pages = {41-64},
DOI = {10.1257/jep.26.2.41},
URL = {http://www.aeaweb.org/articles?id=10.1257/jep.26.2.41}}

@data{atlas-hanson,
author = {{The Growth Lab at Harvard University}},
publisher = {Harvard Dataverse},
title = "{International Trade Data (SITC, Rev. 2)}",
UNF = {UNF:6:G1PWq2cSaaWeG1vdiafxVw==},
year = {2019},
version = {V3},
doi = {10.7910/DVN/H8SFD2},
url = {https://doi.org/10.7910/DVN/H8SFD2},
note = {File: country\_sitcproduct2digit\_year}
}

@data{oecd,
author = {OECD},
publisher = {OECD.stat},
title = "{Share of employed who are managers, by sex}",
year = {2019},
doi = {10.7910/DVN/H8SFD2},
url = {https://stats.oecd.org/},
note = {Accessed: November 15, 2019; Location: Social Protection and Well-being/Gender/Employment}
}

@book{luegen,
author = {Walter Krämer},
title = {So lügt man mit Statistik},
publisher = {Campus Verlag},
year = {2015},
address = {Frankfurt und New York},
note = {{ISBN:} 978-3593504599}
}

@Manual{R-latex,
  title = {latex2exp: Use LaTeX Expressions in Plots},
  author = {Stefano Meschiari},
  year = {2015},
  note = {R package version 0.4.0},
  url = {https://CRAN.R-project.org/package=latex2exp},
}

@Book{R-ggplot2,
  author = {Hadley Wickham},
  title = {ggplot2: Elegant Graphics for Data Analysis},
  publisher = {Springer-Verlag New York},
  year = {2016},
  isbn = {978-3-319-24277-4},
  url = {https://ggplot2.tidyverse.org},
}
