@Manual{R-Team,
    title = {R: A Language and Environment for Statistical Computing},
    author = {{R Core Team}},
    organization = {R Foundation for Statistical Computing},
    address = {Vienna, Austria},
    year = {2018},
    url = {https://www.R-project.org/},
}

@Manual{R-bookdown,
  title = {bookdown: Authoring Books and Technical Documents with R Markdown},
  author = {Yihui Xie},
  year = {2019},
  note = {R package version 0.14},
  url = {https://CRAN.R-project.org/package=bookdown},
}

@Manual{R-knitr,
  title = {knitr: A General-Purpose Package for Dynamic Report Generation in R},
  author = {Yihui Xie},
  year = {2019},
  note = {R package version 1.23},
  url = {https://CRAN.R-project.org/package=knitr},
}

@Manual{R-rmarkdown,
  title = {rmarkdown: Dynamic Documents for R},
  author = {JJ Allaire and Yihui Xie and Jonathan McPherson and Javier Luraschi and Kevin Ushey and Aron Atkins and Hadley Wickham and Joe Cheng and Winston Chang and Richard Iannone},
  year = {2019},
  note = {R package version 1.13},
  url = {https://CRAN.R-project.org/package=rmarkdown},
}

@Manual{R-dplyr,
  title = {dplyr: A Grammar of Data Manipulation},
  author = {Hadley Wickham and Romain François and Lionel Henry and Kirill Müller},
  year = {2019},
  note = {R package version 0.8.2},
  url = {https://CRAN.R-project.org/package=dplyr},
}

@Manual{R-tidyr,
  title = {tidyr: Tidy Messy Data},
  author = {Hadley Wickham and Lionel Henry},
  year = {2019},
  note = {R package version 1.0.0},
  url = {https://CRAN.R-project.org/package=tidyr},
}

@Article{R-countrycode,
  title = {countrycode: An R package to convert country names and country codes},
  author = {Vincent Arel-Bundock and Nils Enevoldsen and CJ Yetman},
  journal = {Journal of Open Source Software},
  year = {2018},
  volume = {3},
  number = {28},
  pages = {848},
  url = {https://doi.org/10.21105/joss.00848},
}

@Manual{R-haven,
  title = {haven: Import and Export 'SPSS', 'Stata' and 'SAS' Files},
  author = {Hadley Wickham and Evan Miller},
  year = {2019},
  note = {R package version 2.1.0},
  url = {https://CRAN.R-project.org/package=haven},
}

@Manual{R-data.table,
  title = {data.table: Extension of `data.frame`},
  author = {Matt Dowle and Arun Srinivasan},
  year = {2019},
  note = {R package version 1.12.2},
  url = {https://CRAN.R-project.org/package=data.table},
}

@Manual{R-R.utils,
  title = {R.utils: Various Programming Utilities},
  author = {Henrik Bengtsson},
  year = {2019},
  note = {R package version 2.9.0},
  url = {https://CRAN.R-project.org/package=R.utils},
}

  @Manual{R-WDI,
  title = {WDI: World Development Indicators (World Bank)},
  author = {Vincent Arel-Bundock},
  year = {2019},
  note = {R package version 2.6.0},
  url = {https://CRAN.R-project.org/package=WDI},
}
